
@article{martin-Scientificfraud-1992,
	title = {Scientific fraud and the power structure of science},
	volume = {10},
	number = {1},
	journal = {Prometheus},
	author = {Martin, Brian},
	year = {1992},
	keywords = {Tengo: Electrónico, Fraud, Scientific fraud, biblio: fraude},
	pages = {83--98},
	file = {Scientifc fraud and power.pdf:/home/jmunoz/Documentos/Textos Html/Sociologia de la ciencia/Scientifc fraud and power.pdf:application/pdf}
}

@article{schulz-Fraudescientificos-2003,
	title = {Los fraudes científicos},
	volume = {4},
	url = {http://www.ehu.es/reviberpol/pdf/ABR03/EL%20FRAUDE%20CIENTIFICO.pdf},
	number = {2},
	journal = {Revista Iberoamericana de Polímeros},
	author = {Schulz, Pablo C. and Katime, Issa},
	month = apr,
	year = {2003},
	keywords = {Tengo: Electrónico, Scientific fraud, Kammerer, Pilldown, biblio: fraude},
	pages = {1--90},
	file = {LosFraudesCientificos.pdf:/home/jmunoz/Documentos/Textos Html/Fraudes/LosFraudesCientificos.pdf:application/pdf}
}

@article{goodstein-ScientificMisconduct-2002,
	title = {Scientific {Misconduct}},
	volume = {88},
	url = {http://www.aaup.org/AAUP/CMS_Templates/AcademeTemplates/AcademeArticle.aspx?NRMODE=Published&NRNODEGUID=%7B8073D9B3-3B97-45BC-B031-D74D5DDE0DD7%7D&NRORIGINALURL=%2FAAUP%2Fpubsres%2Facademe%2F2002%2FJF%2FFeat%2Fgood.htm&NRCACHEHINT=NoModifyGuest},
	number = {1},
	urldate = {2009-02-12},
	journal = {Academe Online},
	author = {Goodstein, David},
	year = {2002},
	keywords = {Scientific fraud, biblio: fraude},
	file = {ScientificMisconduct.pdf:/home/jmunoz/Documentos/Textos Html/Sociologia de la ciencia/ScientificMisconduct.pdf:application/pdf}
}

@article{sovacool-ExploringScientific-2008,
	title = {Exploring {Scientific} {Misconduct}: {Isolated} {Individuals}, {Impure} {Institutions}, or an {Inevitable} {Idiom} of {Modern} {Science}?},
	volume = {5},
	shorttitle = {Exploring {Scientific} {Misconduct}},
	url = {http://dx.doi.org/10.1007/s11673-008-9113-6},
	doi = {10.1007/s11673-008-9113-6},
	abstract = {Abstract  This paper identifies three distinct narratives concerning scientific misconduct: a narrative of “individual impurity” promoted
by those wishing to see science self-regulated; a narrative of “institutional impropriety” promoted by those seeking greater
external control of science; and a narrative of “structural crisis” among those critiquing the entire process of research
itself. The paper begins by assessing contemporary definitions and estimates of scientific misconduct. It emphasizes disagreements
over such definitions and estimates as a way to tease out tension and controversy over competing visions of scientific research.
It concludes by noting that each narrative suggests a different approach for resolving misconduct, and that the difference
inherent in these views may help explain much of the discord concerning unethical behavior in the scientific community.},
	number = {4},
	urldate = {2009-06-01},
	journal = {Journal of Bioethical Inquiry},
	author = {Sovacool, Benjamin},
	month = dec,
	year = {2008},
	keywords = {Tengo: Electrónico, Scientific fraud, biblio: fraude},
	pages = {271--282},
	file = {ExploringScientificMisconduct.pdf:/home/jmunoz/Documentos/Textos Html/Sociologia de la ciencia/ExploringScientificMisconduct.pdf:application/pdf}
}

@misc{cope-Textrecycling-,
	title = {Text recycling guidelines for editors},
	url = {https://publicationethics.org/resources/guidelines-new/text-recycling-guidelines-editors-0},
	urldate = {2019-04-22},
	author = {COPE},
	keywords = {Tengo: Electrónico, Scientific misconduct, Docencia: Etica publicacion, biblio: fraude},
	file = {COPE_Text_Recycling.pdf:/home/jmunoz/Documentos/Textos Html/COPE_Text_Recycling.pdf:application/pdf}
}