
@article{ashmore_innocence_2000,
  title = {Innocence and Nostalgia in Conversation Analysis: The Dynamic Relations of Tape and Transcript},
  volume = {1},
  url = {http://www.qualitative-research.net/fqs-texte/3-00/3-00ashmorereed-e.pdf},
  timestamp = {2011-03-18T00:26:10Z},
  number = {3},
  journal = {Forum Qualitative Sozialforschung / Forum: Qualitative Social Research},
  author = {Ashmore, Malcolm and Reed, Darren},
  year = {2000},
  note = {Journal, Electronic}
}

@article{attride-stirling_thematic_2001,
  title = {Thematic networks: An analytic tool for qualitative research.},
  volume = {1},
  issn = {1468-7941},
  shorttitle = {Thematic networks},
  doi = {10.1177/146879410100100307},
  timestamp = {2010-10-14T14:02:14Z},
  number = {3},
  journal = {Qualitative Research},
  author = {Attride-Stirling, Jennifer},
  month = dec,
  year = {2001},
  pages = {385--405}
}

@book{berelson_content_1952,
  address = {Glencoe, Ill.},
  title = {Content analysis in communication research},
  language = {en},
  timestamp = {2015-10-01T11:59:21Z},
  publisher = {Free Press},
  author = {Berelson, Bernard},
  year = {1952}
}

@article{birks_memoing_2008,
  title = {Memoing in qualitative research: Probing data and processes},
  volume = {13},
  shorttitle = {Memoing in qualitative research},
  url = {http://jrn.sagepub.com/cgi/content/abstract/13/1/68},
  doi = {10.1177/1744987107081254},
  timestamp = {2008-10-22T16:50:38Z},
  number = {1},
  urldate = {2008-10-22},
  journal = {Journal of Research in Nursing},
  author = {Birks, Melanie and Chapman, Ysanne and Francis, Karen},
  month = jan,
  year = {2008},
  pages = {68--75}
}

@book{bloor_keywords_2006,
  address = {London},
  title = {Keywords in qualitative methods  : a vocabulary of research concepts},
  isbn = {978-0-7619-4330-3},
  timestamp = {2015-10-01T12:05:52Z},
  publisher = {Sage Publications},
  author = {Bloor, Michael and Wood, Fiona},
  year = {2006}
}

@article{braun_using_2006,
  title = {Using thematic analysis in psychology},
  volume = {3},
  issn = {1478-0887},
  url = {http://www.informaworld.com/10.1191/1478088706qp063oa},
  doi = {10.1191/1478088706qp063oa},
  timestamp = {2015-06-27T23:14:01Z},
  number = {2},
  urldate = {2009-06-17},
  journal = {Qualitative Research in Psychology},
  author = {Braun, Virginia and Clarke, Victoria},
  year = {2006},
  note = {13709},
  pages = {77--101}
}

@book{bruner_study_1956,
  address = {London},
  title = {A Study of Thinking},
  isbn = {978-1-4128-1627-4},
  language = {en},
  timestamp = {2015-10-01T12:01:00Z},
  publisher = {Transaction Publishers},
  author = {Bruner, Jerome Seymour and Goodnow, Jacqueline J. and Austin, George Allen},
  year = {1956},
  note = {05397}
}

@book{fernandezchristlieb_espiritu_2004,
  address = {Barcelona},
  title = {El esp{\'\i}ritu de la calle. Psicolog{\'\i}a pol{\'\i}tica de la cultura cotidiana},
  isbn = {84-7658-700-7 978-84-7658-700-3},
  timestamp = {2011-01-24T14:58:59Z},
  publisher = {Anthropos Editorial},
  author = {Fern{\'a}ndez Christlieb, Pablo},
  year = {2004}
}

@incollection{jefferson_glossary_2004,
  address = {Philadelphia},
  series = {Pragmatics \& beyond},
  title = {Glossary of transcript symbols with an introduction},
  isbn = {978-90-272-5367-5 978-90-272-5368-2 978-1-58811-538-6 978-1-58811-539-3},
  lccn = {P95.45 .C6644 2004},
  timestamp = {2015-10-01T00:24:22Z},
  number = {new ser. v. 125},
  booktitle = {Conversation analysis: studies from the first generation},
  publisher = {John Benjamins Pub},
  author = {Jefferson, Gail},
  editor = {Lerner, Gene H.},
  year = {2004},
  note = {00132},
  pages = {13--31}
}

@book{lewins_using_2007,
  address = {London},
  title = {Using Software in Qualitative Reseach. A Step-By-step Guide},
  timestamp = {2008-04-12T16:23:53Z},
  publisher = {Sage},
  author = {Lewins, Ann and Silver, Christina},
  year = {2007}
}

@misc{lewins_choosing_2009,
  title = {Choosing a {CAQDAS} Package},
  url = {http://www.surrey.ac.uk/sociology/research/researchcentres/caqdas/files/2009ChoosingaCAQDASPackage.pdf},
  timestamp = {2015-09-30T23:28:06Z},
  journal = {{CAQDAS} Networking Project},
  author = {Lewins, Ann and Silver, Christina},
  month = jan,
  year = {2009},
  note = {Magazine Article}
}

@article{mayring_qualitative_2000,
  title = {Qualitative Content Analysis},
  volume = {1},
  timestamp = {2010-10-19T16:28:55Z},
  number = {2},
  journal = {Forum Qualitative Social Research},
  author = {Mayring, Philipp},
  year = {2000}
}

@incollection{mayring_qualitative_2004,
  address = {London},
  title = {Qualitative Content Analysis},
  volume = {1},
  url = {http://www.qualitative-research.net/index.php/fqs/article/view/1089},
  timestamp = {2015-10-01T12:02:33Z},
  booktitle = {A companion to Qualitative Research},
  publisher = {{SAGE} Publications},
  author = {Mayring, Philipp},
  editor = {Flick, Uwe},
  year = {2004},
  pages = {266--269}
}

@article{mclellan_qualitative_2003,
  title = {Beyond the Qualitative Interview: Data Preparation and Transcription},
  volume = {15},
  shorttitle = {Beyond the Qualitative Interview},
  url = {http://fmx.sagepub.com/content/15/1/63.abstract},
  doi = {10.1177/1525822X02239573},
  timestamp = {2011-12-05T15:24:46Z},
  number = {1},
  urldate = {2011-12-05},
  journal = {Field Methods},
  author = {{McLellan}, Eleanor and {MacQueen}, Kathleen M. and Neidig, Judith L.},
  month = feb,
  year = {2003},
  pages = {63 --84}
}

@book{patton_qualitative_1990,
  address = {London},
  edition = {Second Edition},
  title = {Qualitative Evaluation and Research Methods},
  isbn = {0-8039-3779-2},
  timestamp = {2015-10-01T12:03:42Z},
  publisher = {Sage Publications},
  author = {Patton, Michael Quinn},
  year = {1990}
}

@book{saldana_coding_2009,
  address = {London},
  title = {The coding manual},
  isbn = {978-1-84787-549-5},
  timestamp = {2015-10-01T12:03:59Z},
  publisher = {Sage Publications},
  author = {Salda{\~n}a, Johnny},
  year = {2009},
  note = {23.99 Libras}
}

@book{ukdataarchive_managing_2009,
  address = {Colchester},
  edition = {2{\textordfeminine}},
  title = {Managing and sharing data : a best practice guide for researchers.},
  isbn = {978-1-904059-66-0},
  timestamp = {2015-10-01T00:53:08Z},
  publisher = {{UK} Data Archive},
  author = {{UK} Data Archive,},
  year = {2009}
}


