
@article{milgram_small_1967,
	title = {The small world problem},
	volume = {67},
	number = {1},
	journal = {Psychology Today},
	author = {Milgram, Stanley},
	year = {1967},
	note = {Journal Article},
	keywords = {Diapos: Grupos, Small world, Social Networks, Tengo: Electr√≥nico},
	pages = {60--67},
	file = {TheSmallWorldProblem.pdf:/home/jmunoz/Textos Html/Redes/TheSmallWorldProblem.pdf:application/pdf}
}